@book{kock,
  author={Joachim Kock},
  title={Notes on Polynomial Functors},
  year={2009-},
  publisher={unpublished},
  url={https://mat.uab.es/~kock/cat/polynomial.pdf}
}
